
title = {Fermion Monte Carlo without fixed nodes: A game of life, death, and annihilation in Slater determinant space},
number = {5},
numpages = {10},
eid = {054106},
@article{booth:2009,
    author = {G. H. Booth and A. J. W. Thom and A. Alavi},
    collaboration = {},
    publisher = {AIP},
    year = {2009},
    journal = {J. Chem. Phys.},
    volume = {131},
    pages = {054106},
    keywords = {carbon compounds; configuration interactions; fermion systems; Monte Carlo methods; organic compounds; oxygen; Schrodinger equation; sodium compounds},
    url = {http://link.aip.org/link/?JCP/131/054106/1},
    doi = {10.1063/1.3193710}
}

%title = {Approaching chemical accuracy using full configuration-interaction quantum Monte Carlo: A study of ionization potentials},
number = {17},
eid = {174104},
numpages = {7},
@article{booth:2010,
    author = {G. H. Booth and A. Alavi},
    collaboration = {},
    publisher = {AIP},
    year = {2010},
    journal = {J. Chem. Phys.},
    volume = {132},
    pages = {174104},
    keywords = {beryllium; boron; carbon; configuration interactions; fluorine; ionisation potential; lithium; magnesium; Monte Carlo methods; neon; nitrogen; oxygen; sodium},
    url = {http://link.aip.org/link/?JCP/132/174104/1},
    doi = {10.1063/1.3407895}
}

%title = {Communications: Survival of the fittest: Accelerating convergence in full configuration-interaction quantum Monte Carlo},
number = {4},
eid = {041103},
numpages = {4},
@article{cleland:2010,
    author = {D. Cleland and G. H. Booth and A. Alavi},
    collaboration = {},
    publisher = {AIP},
    year = {2010},
    journal = {J. Chem. Phys.},
    volume = {132},
    pages = {041103},
    keywords = {chemistry computing; configuration interactions; convergence of numerical methods; Monte Carlo methods; nitrogen; quantum chemistry},
    url = {http://link.aip.org/link/?JCP/132/041103/1},
    doi = {10.1063/1.3302277}
}

%title = {Hellman-Feynman Operator Sampling in Diffusion Monte Carlo Calculations},
number = {12},
month = {Sep},
@Article{gaudoin:2007,
  author = {Gaudoin, R.  and Pitarke, J. M.},
  journal = {Phys. Rev. Lett.},
  volume = {99},
  pages = {126406},
  numpages = {4},
  year = {2007},
  doi = {10.1103/PhysRevLett.99.126406},
  publisher = {American Physical Society}
}

