@misc{NIST,
	title = {{NIST} Atomic Spectra Database},
	url = {http://www.nist.gov/pml/data/asd.cfm},
	author = {{US} Department of Commerce, {NIST}},
	note = {Atomic Spectra Database},
	howpublished = {http://www.nist.gov/pml/data/asd.cfm}
}

@misc{FoulkesSpencer,
        title = {The Full Configuration Interaction Quantum Monte Carlo Method},
        author = {W.M.C.\ Foulkes and J.S. Spencer},
        note = {Available at git://documentation/theory/importance\_sampling}
}

