%% This BibTeX bibliography file was created using BibDesk.
%% http://bibdesk.sourceforge.net/


%% Created for trogers at 2011-09-28 14:04:12 +0100 


%% Saved with string encoding Unicode (UTF-8) 

@article{Imada1998,
  title = {Metal-insulator transitions},
  month = {Oct},
  journal = {Reviews of Modern Physics},
  doi = {10.1103/RevModPhys.70.1039},
  author = {Imada, M. and Fujimori, A. and Tokura, Y.},
  year = {1998},
  issue = {4},
  url = {http://link.aps.org/doi/10.1103/RevModPhys.70.1039},
  publisher = {American Physical Society},
  pages = {1039--1263},
  volume = {70}
}
@book{modernChemistry,
	Author = {Szabo, A. and Ostlund, N. S.},
	Date-Modified = {2011-09-28 13:03:53 +0000},
	Publisher = {Dover Publications},
	Title = {Modern Quantum Chemisty: Introduction to Advanced Electronic Structure Theory},
	Year = {1996}}

@book{bransden,
	Author = {Bransden, B. H. and Joachain, C. J.},
	Edition = {Second},
	Publisher = {Prentice Hall},
	Title = {Quantum Mechanics},
	Year = {2000}}
@book{Isham,
	Author = {Isham, C. J.},
	Edition = {First},
	Publisher = {Imperial College Press},
	Title = {Lectures on Quantum Theory. Mathematical and Structural Foundations},
	Year = {1995}}
@article{Leininger2000,
	author = {Leininger, L. and Allen, W. D. and Schaefer III, H. F.},
	journal = {The Journal of Chemical Physics},
	number = {21},
	pages = {9213},
	title = {Is M{\o}llerâ€“Plesset perturbation theory a convergent ab initio method?},
	volume = {112},
	year = {2000}}